@Manual{Friendly2021,
  title = {{HistData}: Data Sets from the History of Statistics and Data Visualization},
  author = {Michael Friendly},
  year = {2021},
  note = {R package version 0.8-7},
  url = {https://CRAN.R-project.org/package=HistData},
}

@Manual{ggExtra2022,
  title = {{ggExtra}: Add Marginal Histograms to {ggplot2}, and More {ggplot2}
Enhancements},
  author = {Dean Attali and Christopher Baker},
  year = {2022},
  note = {R package version 0.10.0},
  url = {https://CRAN.R-project.org/package=ggExtra},
}

@Manual{datasauRus2022,
  title = {{datasauRus}: Datasets from the Datasaurus Dozen},
  author = {Rhian Davies and Steph Locke and Lucy {D'Agostino McGowan}},
  year = {2022},
  note = {R package version 0.1.6},
  url = {https://CRAN.R-project.org/package=datasauRus},
}
  
@Manual{ggtext2020,
  title = {{ggtext}: Improved Text Rendering Support for {ggplot2}},
  author = {Claus O. Wilke},
  year = {2020},
  note = {R package version 0.1.1},
  url = {https://CRAN.R-project.org/package=ggtext},
}
  
@Manual{ggrepel2021,
  title = {{ggrepel}: Automatically Position Non-Overlapping Text Labels with
{ggplot2}},
  author = {Kamil Slowikowski},
  year = {2021},
  note = {R package version 0.9.1},
  url = {https://CRAN.R-project.org/package=ggrepel},
}

@Manual{mosaicData2022,
  title = {{mosaicData}: Project MOSAIC Data Sets},
  author = {Randall Pruim and Daniel Kaplan and Nicholas Horton},
  year = {2022},
  note = {R package version 0.20.3},
  url = {https://CRAN.R-project.org/package=mosaicData},
}
  
@Manual{ggimage2022,
  title = {{ggimage}: Use Image in {ggplot2}},
  author = {Guangchuang Yu},
  year = {2022},
  note = {R package version 0.3.1},
  url = {https://CRAN.R-project.org/package=ggimage},
}
@Manual{geomtextpath2022,
  title = {{geomtextpath}: Curved Text in {ggplot2}},
  author = {Allan Cameron and Teun {van den Brand}},
  year = {2022},
  note = {R package version 0.1.0},
  url = {https://CRAN.R-project.org/package=geomtextpath},
}
@Manual{string2path2022,
  title = {string2path: Rendering Font into {data.frame}},
  author = {Hiroaki Yutani},
  year = {2022},
  note = {R package version 0.1.1},
  url = {https://CRAN.R-project.org/package=string2path},
}
@Manual{ggpubr2022,
  title = {{ggpubr}: {ggplot2} Based Publication Ready Plots},
  author = {Alboukadel Kassambara},
  year = {2022},
  note = {R package version 0.5.0},
  url = {https://CRAN.R-project.org/package=ggpubr},
}
@Manual{bbplot2022,
  title = {{bbplot}: making {ggplot2} graphics in {BBC NEWS} style},
  author = {Nassos Stylianou and Will Dahlgreen and Robert Cuffe and Tom Calver and Ransome Mpini},
  year = {2022},
  note = {R package version 0.2},
}
@Manual{ggthemr2020,
  title = {{ggthemr}: Themes for {ggplot2}},
  author = {Ciaran Tobin},
  year = {2020},
  note = {R package version 1.1.0},
}
@Manual{scales2022,
  title = {{scales}: Scale Functions for Visualization},
  author = {Hadley Wickham and Dana Seidel},
  year = {2022},
  note = {R package version 1.2.1},
  url = {https://CRAN.R-project.org/package=scales},
}

@Manual{ggTimeSeries2022,
  title = {{ggTimeSeries}: Time Series Visualisations Using the Grammar of Graphics},
  author = {Aditya Kothari},
  year = {2022},
  note = {R package version 1.0.2},
  url = {https://CRAN.R-project.org/package=ggTimeSeries},
}
  
@Manual{scico2022,
  title = {{scico}: Colour Palettes Based on the Scientific Colour-Maps},
  author = {Thomas Lin Pedersen and Fabio Crameri},
  year = {2022},
  note = {R package version 1.3.1},
  url = {https://CRAN.R-project.org/package=scico},
}
@Manual{paletteer2021,
  title = {{paletteer}: Comprehensive Collection of Color Palettes},
  author = {Emil Hvitfeldt},
  year = {2021},
  note = {R package version 1.3.0},
  url = {https://github.com/EmilHvitfeldt/paletteer},
}
@Manual{colormap2016,
  title = {{colormap}: Color Palettes using Colormaps Node Module},
  author = {Bhaskar Karambelkar},
  year = {2016},
  note = {R package version 0.1.4},
  url = {https://CRAN.R-project.org/package=colormap},
}
@Manual{gapminder2017,
  title = {{gapminder}: Data from Gapminder},
  author = {Jennifer Bryan},
  year = {2017},
  note = {R package version 0.3.0},
  url = {https://CRAN.R-project.org/package=gapminder},
}

@Manual{ggThemeAssist2016,
  title = {{ggThemeAssist}: Add-in to Customize {ggplot2} Themes},
  author = {Calli Gross and Philipp Ottolinger},
  year = {2016},
  note = {R package version 0.1.5},
  url = {https://CRAN.R-project.org/package=ggThemeAssist},
}

@Manual{pgog2022,
  title = {{pgog}: A Probabilistic Grammar of Graphics},
  author = {Xiaoying Pu},
  year = {2022},
  note = {R package version 0.0.0.9000},
  url = {https://github.com/MUCollective/pgog},
}

@Manual{ggdensity2022,
  title = {{ggdensity}: Interpretable Bivariate Density Visualization with {ggplot2}},
  author = {James Otto and David Kahle},
  year = {2022},
  note = {R package version 0.1.0},
  url = {https://CRAN.R-project.org/package=ggdensity},
}

@Manual{patchwork2020,
  title = {{patchwork}: The Composer of Plots},
  author = {Thomas Lin Pedersen},
  year = {2020},
  note = {R package version 1.1.1},
  url = {https://CRAN.R-project.org/package=patchwork},
}
@Manual{plot3D2021,
  title = {{plot3D}: Plotting Multi-Dimensional Data},
  author = {Karline Soetaert},
  year = {2021},
  note = {R package version 1.4},
  url = {https://CRAN.R-project.org/package=plot3D},
}
@Manual{rgl2022,
  title = {{rgl}: 3D Visualization Using OpenGL},
  author = {Duncan Murdoch and Daniel Adler},
  year = {2022},
  note = {R package version 0.110.2},
  url = {https://CRAN.R-project.org/package=rgl},
}
@Manual{barplot3d2019,
  title = {{barplot3d}: Create 3D Barplots},
  author = {Christopher Wardell},
  year = {2019},
  note = {R package version 1.0.1},
  url = {https://CRAN.R-project.org/package=barplot3d},
}
@Manual{rayshader2021,
  title = {{rayshader}: Create Maps and Visualize Data in 2D and 3D},
  author = {Tyler Morgan-Wall},
  year = {2021},
  note = {R package version 0.24.10},
  url = {https://CRAN.R-project.org/package=rayshader},
}
@Manual{plot3Drgl2022,
  title = {{plot3Drgl}: Plotting Multi-Dimensional Data - Using {rgl}},
  author = {Karline Soetaert},
  year = {2022},
  note = {R package version 1.0.3},
  url = {https://CRAN.R-project.org/package=plot3Drgl},
}
@Manual{echarts4r2022,
  title = {{echarts4r}: Create Interactive Graphs with {Echarts JavaScript} Version 5},
  author = {John Coene},
  year = {2022},
  note = {R package version 0.4.4},
  url = {https://CRAN.R-project.org/package=echarts4r},
}
@Manual{viridis2021,
  title = {{viridis} - Colorblind-Friendly Color Maps for R},
  author = {{Garnier} and {Simon} and {Ross} and {Noam} and {Rudis} and {Robert} and {Camargo} and Antônio Pedro and {Sciaini} and {Marco} and {Scherer} and {Cédric}},
  year = {2021},
  note = {R package version 0.6.2},
  url = {https://sjmgarnier.github.io/viridis/},
  doi = {10.5281/zenodo.4679424},
}
@Manual{RColorBrewer2022,
  title = {{RColorBrewer}: {ColorBrewer} Palettes},
  author = {Erich Neuwirth},
  year = {2022},
  note = {R package version 1.1-3},
  url = {https://CRAN.R-project.org/package=RColorBrewer},
}
@Manual{munsell2018,
  title = {{munsell}: Utilities for Using Munsell Colours},
  author = {Charlotte Wickham},
  year = {2018},
  note = {R package version 0.5.0},
  url = {https://CRAN.R-project.org/package=munsell},
}

@Manual{ggtech2018,
  title = {{ggtech}: {ggplot2} tech themes and scales},
  author = {Ricardo Bion},
  year = {2018},
  note = {R package version 0.1.1},
}
@Manual{ggcharts2020,
  title = {{ggcharts}: Shorten the Distance from Data Visualization Idea to Actual Plot},
  author = {Thomas Neitmann},
  year = {2020},
  note = {R package version 0.2.1},
  url = {https://CRAN.R-project.org/package=ggcharts},
}  
@Manual{ggthemes2021,
  title = {{ggthemes}: Extra Themes, Scales and Geoms for {ggplot2}},
  author = {Jeffrey B. Arnold},
  year = {2021},
  note = {R package version 4.2.4},
  url = {https://CRAN.R-project.org/package=ggthemes},
}
@Manual{ggsci2018,
  title = {{ggsci}: Scientific Journal and Sci-Fi Themed Color Palettes for
{ggplot2}},
  author = {Nan Xiao},
  year = {2018},
  note = {R package version 2.9},
  url = {https://CRAN.R-project.org/package=ggsci},
}
@Manual{leaflet2022,
  title = {{leaflet}: Create Interactive Web Maps with the JavaScript {Leaflet}
Library},
  author = {Joe Cheng and Bhaskar Karambelkar and Yihui Xie},
  year = {2022},
  note = {R package version 2.1.1},
  url = {https://CRAN.R-project.org/package=leaflet},
}

@Manual{gganimate2020,
  title = {{gganimate}: A Grammar of Animated Graphics},
  author = {Thomas Lin Pedersen and David Robinson},
  year = {2020},
  note = {R package version 1.0.7},
  url = {https://CRAN.R-project.org/package=gganimate},
}

@Manual{ggHoriPlot2021,
  title = {{ggHoriPlot}: Horizon Plots for {ggplot2}},
  author = {Iker Rivas-González},
  year = {2021},
  note = {R package version 1.0.0},
  url = {https://CRAN.R-project.org/package=ggHoriPlot},
}

@Manual{ggdist2022,
  title = {{ggdist}: Visualizations of Distributions and Uncertainty},
  author = {Matthew Kay},
  year = {2022},
  note = {R package version 3.1.1},
  url = {https://mjskay.github.io/ggdist/},
  doi = {10.5281/zenodo.3879620},
}

@Manual{ggThemeAssist2016,
  title = {{ggThemeAssist}: Add-in to Customize {ggplot2} Themes},
  author = {Calli Gross and Philipp Ottolinger},
  year = {2016},
  note = {R package version 0.1.5},
  url = {https://CRAN.R-project.org/package=ggThemeAssist},
}

@Manual{pilot2022,
  title = {{pilot}: A minimal {ggplot2} theme with an accessible discrete color
palette},
  author = {Oliver Hawkins},
  year = {2022},
  note = {R package version 4.0.1},
  url = {https://github.com/olihawkins/pilot},
}

@Manual{ggside2022,
  title = {{ggside}: Side Grammar Graphics},
  author = {Justin Landis},
  year = {2022},
  note = {R package version 0.2.1},
  url = {https://CRAN.R-project.org/package=ggside},
}

@Manual{ggdensity2022,
  title = {{ggdensity}: Interpretable Bivariate Density Visualization with {ggplot2}},
  author = {James Otto and David Kahle},
  year = {2022},
  note = {R package version 0.1.0},
  url = {https://CRAN.R-project.org/package=ggdensity},
}
  
@Manual{quantmod2022,
  title = {{quantmod}: Quantitative Financial Modelling Framework},
  author = {Jeffrey A. Ryan and Joshua M. Ulrich},
  year = {2022},
  note = {R package version 0.4.20},
  url = {https://CRAN.R-project.org/package=quantmod},
}
@Manual{stars2022,
  title = {{stars}: Spatiotemporal Arrays, Raster and Vector Data Cubes},
  author = {Edzer Pebesma},
  year = {2022},
  note = {R package version 0.6-0},
  url = {https://CRAN.R-project.org/package=stars},
}

@Manual{quadprog2019,
  title = {{quadprog}: Functions to Solve Quadratic Programming Problems},
  author = {S original by Berwin A. Turlach, R port by Andreas Weingessel, Fortran contributions from Cleve Moler dpodi/LINPACK)},
  year = {2019},
  note = {R package version 1.5-8},
  url = {https://CRAN.R-project.org/package=quadprog},
}

@Manual{ECOSolveR2023,
  title = {{ECOSolveR}: Embedded Conic Solver in R},
  author = {Anqi Fu and Balasubramanian Narasimhan},
  year = {2023},
  note = {R package version 0.5.5},
  url = {https://CRAN.R-project.org/package=ECOSolveR},
}

@Manual{Rglpk2023,
  title = {{Rglpk}: R/GNU Linear Programming Kit Interface},
  author = {Stefan Theussl and Kurt Hornik},
  year = {2023},
  note = {R package version 0.6-5},
  url = {https://CRAN.R-project.org/package=Rglpk},
}

@Manual{nloptr2023,
  title = {The {NLopt} nonlinear optimization package},
  author = {Steven G. Johnson},
  year = {2023},
  note = {R package version 2.0.3},
  url = {https://CRAN.R-project.org/package=nloptr},
}

@Manual{lpSolve2023,
  title = {{lpSolve}: Interface to {Lp_solve} v. 5.5 to Solve Linear/Integer Programs},
  author = {Michel Berkelaar and others},
  year = {2023},
  note = {R package version 5.6.18},
  url = {https://CRAN.R-project.org/package=lpSolve},
}

@Manual{rAMPL2023,
  title  = {{rAMPL}: {AMPL} API for R},
  author = {Filipe Brandao},
  year = {2023},
  note = {R package version 2.0.12.0-20230210},
  url  = {https://github.com/ampl/rAMPL},
}

@Manual{highs2023,
  title = {{highs}: {HiGHS} Optimization Solver},
  author = {Florian Schwendinger and Dirk Schumacher},
  year = {2023},
  note = {R package version 0.1-10},
  url = {https://CRAN.R-project.org/package=highs},
}
  
