@article{knuth84,
  author = {Knuth, Donald E.},
  title = {Literate Programming},
  year = {1984},
  issue_date = {May 1984},
  publisher = {Oxford University Press, Inc.},
  address = {USA},
  volume = {27},
  number = {2},
  issn = {0010-4620},
  url = {https://doi.org/10.1093/comjnl/27.2.97},
  doi = {10.1093/comjnl/27.2.97},
  journal = {Comput. J.},
  month = may,
  pages = {97–111},
  numpages = {15}
}

@Manual{ggdist2022,
  title = {{ggdist}: Visualizations of Distributions and Uncertainty},
  author = {Matthew Kay},
  year = {2022},
  note = {R package version 3.1.1},
  url = {https://mjskay.github.io/ggdist/},
  doi = {10.5281/zenodo.3879620},
}

@Manual{ggThemeAssist2016,
  title = {{ggThemeAssist}: Add-in to Customize {ggplot2} Themes},
  author = {Calli Gross and Philipp Ottolinger},
  year = {2016},
  note = {R package version 0.1.5},
  url = {https://CRAN.R-project.org/package=ggThemeAssist},
}

@Manual{pilot2022,
  title = {{pilot}: A minimal {ggplot2} theme with an accessible discrete color
palette},
  author = {Oliver Hawkins},
  year = {2022},
  note = {R package version 4.0.1},
  url = {https://github.com/olihawkins/pilot},
}

@Book{Hadley2016,
  author = {Hadley Wickham},
  title = {{ggplot2}: Elegant Graphics for Data Analysis},
  publisher = {Springer-Verlag New York},
  year = {2016},
  isbn = {978-3-319-24277-4},
  url = {https://ggplot2.tidyverse.org},
}
@Manual{pgog2022,
  title = {{pgog}: A Probabilistic Grammar of Graphics},
  author = {Xiaoying Pu},
  year = {2022},
  note = {R package version 0.0.0.9000},
  url = {https://github.com/MUCollective/pgog},
}

@Manual{ggside2022,
  title = {{ggside}: Side Grammar Graphics},
  author = {Justin Landis},
  year = {2022},
  note = {R package version 0.2.1},
  url = {https://CRAN.R-project.org/package=ggside},
}

@Manual{ggdensity2022,
  title = {{ggdensity}: Interpretable Bivariate Density Visualization with {ggplot2}},
  author = {James Otto and David Kahle},
  year = {2022},
  note = {R package version 0.1.0},
  url = {https://CRAN.R-project.org/package=ggdensity},
}

@Manual{patchwork2020,
  title = {{patchwork}: The Composer of Plots},
  author = {Thomas Lin Pedersen},
  year = {2020},
  note = {R package version 1.1.1},
  url = {https://CRAN.R-project.org/package=patchwork},
}

@Book{Deepayan2008,
  title = {Lattice: Multivariate Data Visualization with R},
  author = {Deepayan Sarkar},
  publisher = {Springer},
  address = {New York},
  year = {2008},
  note = {ISBN 978-0-387-75968-5},
  url = {http://lmdvr.r-forge.r-project.org},
}

@Book{Carson2020,
  author = {Carson Sievert},
  title = {Interactive Web-Based Data Visualization with R, plotly, and shiny},
  publisher = {Chapman and Hall/CRC},
  year = {2020},
  isbn = {9781138331457},
  url = {https://plotly-r.com},
}

@Manual{leaflet2022,
  title = {{leaflet}: Create Interactive Web Maps with the JavaScript {Leaflet}
Library},
  author = {Joe Cheng and Bhaskar Karambelkar and Yihui Xie},
  year = {2022},
  note = {R package version 2.1.1},
  url = {https://CRAN.R-project.org/package=leaflet},
}

@Manual{gganimate2020,
  title = {{gganimate}: A Grammar of Animated Graphics},
  author = {Thomas Lin Pedersen and David Robinson},
  year = {2020},
  note = {R package version 1.0.7},
  url = {https://CRAN.R-project.org/package=gganimate},
}
  
@Manual{quantmod2022,
  title = {{quantmod}: Quantitative Financial Modelling Framework},
  author = {Jeffrey A. Ryan and Joshua M. Ulrich},
  year = {2022},
  note = {R package version 0.4.20},
  url = {https://CRAN.R-project.org/package=quantmod},
}

@Article{Tang2016,
  author = {Yuan Tang and Masaaki Horikoshi and Wenxuan Li},
  title = {{ggfortify}: Unified Interface to Visualize Statistical Result of Popular R Packages},
  journal = {The R Journal},
  year = {2016},
  number = {2},
  volume = {8},
  pages = {474--485},
  url = {https://doi.org/10.32614/RJ-2016-060},
  doi = {10.32614/RJ-2016-060},
}
@Article{Anscombe1973,
  doi = {10.2307/2682899},
  year = {1973},
  volume = {27},
  number = {1},
  pages = {17},
  author = {F. J. Anscombe},
  title = {Graphs in Statistical Analysis},
  journal = {The American Statistician}
}
@Manual{ggHoriPlot2021,
  title = {{ggHoriPlot}: Horizon Plots for 'ggplot2'},
  author = {Iker Rivas-González},
  year = {2021},
  note = {R package version 1.0.0},
  url = {https://CRAN.R-project.org/package=ggHoriPlot},
}


